<?xml version="1.0" encoding="UTF-8"?><collection xmlns="http://www.loc.gov/MARC21/slim"><record><leader>00314nam--2200109-i-4500</leader><controlfield tag="001">000048471</controlfield><controlfield tag="002">20161230</controlfield><controlfield tag="005">20161230201047</controlfield><controlfield tag="008">060222s1000------------r-----000-0-eng-d</controlfield><datafield ind1=" " ind2=" " tag="245"><subfield code="a">Avtomatizaciia proizvodstvennyh procesov. inst.avtomatiki i tlemehaniki</subfield></datafield><datafield ind1=" " ind2=" " tag="260"><subfield code="a">Moskva, Izd.Akad.Nauk Sssr, 1960. 134 P</subfield></datafield><datafield ind1=" " ind2=" " tag="852"><subfield code="a">5199</subfield></datafield></record></collection>